@misc{
    grammars_hierarchy,
    author  = "Noam Chomsky",
    year    = "1956",
    title   = "Three models for the description of language",
    note    = "\url{https://chomsky.info/wp-content/uploads/195609-.pdf}",
    url     = "https://chomsky.info/wp-content/uploads/195609-.pdf"
}
@misc{
    grammars,
    author  = "Noam Chomsky",
    year    = "1959",
    title   = "On certain formal properties of grammars",
    note    = "\url{https://www.sciencedirect.com/science/article/pii/S0019995859903626}",
    url     = "https://www.sciencedirect.com/science/article/pii/S0019995859903626"
}
@misc{
    intro_automata,
    author  = "John E Hopcroft, Jeffrey D Ullman",
    year    = "1939",
    title   = "Introduction to Automata Theory, Languages and Computation",
    note    = "https://mcdtu.files.wordpress.com/2017/03/introduction-to-automata-theory.pdf",
    url     = "https://mcdtu.files.wordpress.com/2017/03/introduction-to-automata-theory.pdf"
}
@misc{
    error_correction_1,
    author  = "James W. J. Anderson, Zsuzsanna Sukosd, Christian N. S. Pedersen, and Jotun Hein",
    year    = "2013",
    title   = "Technical Report: An n-free-passes CYK algorithm for error-correction and the prediction of non-canonical base-pairs in RNA secondary structure",
    note    = "\url{https://pdfs.semanticscholar.org/8eca/9d5ae7ca732ec6537dc26c0a5e24311fd3e4.pdf}",
    url     = "https://pdfs.semanticscholar.org/8eca/9d5ae7ca732ec6537dc26c0a5e24311fd3e4.pdf"
}
@misc{
    semantic_grammar,
    author  = "Knuth, Donald E.",
    year    = "1968",
    title   = "Semantics of Context-Free Languages",
    note    = "\url{https://www.csee.umbc.edu/courses/331/fall16/01/resources/papers/Knuth67AG.pdf}",
    url     = "https://www.csee.umbc.edu/courses/331/fall16/01/resources/papers/Knuth67AG.pdf"
}
@misc{
    error_correction_2,
    author  = "Sanguthevar Rajasekaran, Marius Nicolae",
    year    = "2014",
    title   = "An error correcting parser for context free grammar that take less than cubic time",
    note    = "\url{https://arxiv.org/pdf/1406.3405.pdf}",
    url     = "https://arxiv.org/pdf/1406.3405.pdf"
}
@misc{
    naive_formula,
    author  = "Neil James Alexander Sloane",
    year    = "2018",
    title   = "The online encyclopedia of integer sequences",
    note    = "\url{https://oeis.org/A024023}",
    url     = "https://oeis.org/A024023"
}
